@Article{Grubaugh2019,
   Author="Grubaugh, N. D.  and Ladner, J. T.  and Lemey, P.  and Pybus, O. G.  and Rambaut, A.  and Holmes, E. C.  and Andersen, K. G. ",
   Title="{{T}racking virus outbreaks in the twenty-first century}",
   Journal="Nat Microbiol",
   Year="2019",
   Volume="4",
   Number="1",
   Pages="10--19",
   Month="Jan"
}

@article{Volz2013,
	Author = {Volz, Erik M and Koelle, Katia and Bedford, Trevor},
	Journal = {PLoS Comput Biol},
	Number = {3},
	Pages = {e1002947},
	Title = {{Viral phylodynamics.}},
	Volume = {9},
	Year = {2013}}

@article{Baele2017,
	Author = {Baele, Guy and Suchard, Marc A and Rambaut, Andrew and Lemey, Philippe},
	Journal = {Syst. Biol.},
	Month = jan,
	Number = {1},
	Pages = {e47--e65},
	Title = {{Emerging concepts of data integration in pathogen phylodynamics.}},
	Volume = {66},
	Year = {2017}}

@Article{Nelson2008,
   Author="Nelson, M. I.  and Viboud, C.  and Simonsen, L.  and Bennett, R. T.  and Griesemer, S. B.  and St George, K.  and Taylor, J.  and Spiro, D. J.  and Sengamalay, N. A.  and Ghedin, E.  and Taubenberger, J. K.  and Holmes, E. C. ",
   Title="{{M}ultiple reassortment events in the evolutionary history of {H}1{N}1 influenza {A} virus since 1918}",
   Journal="PLoS Pathog",
   Year="2008",
   Volume="4",
   Number="2",
   Pages="e1000012",
   Month="Feb"
}

@Article{Marshall2013,
   Author="Marshall, N.  and Priyamvada, L.  and Ende, Z.  and Steel, J.  and Lowen, A. C. ",
   Title="{{I}nfluenza virus reassortment occurs with high frequency in the absence of segment mismatch}",
   Journal="PLoS Pathog",
   Year="2013",
   Volume="9",
   Number="6",
   Pages="e1003421"
}

@Article{Su2016,
   Author="Su, S.  and Wong, G.  and Shi, W.  and Liu, J.  and Lai, A. C. K.  and Zhou, J.  and Liu, W.  and Bi, Y.  and Gao, G. F. ",
   Title="{{E}pidemiology, genetic recombination, and pathogenesis of coronaviruses}",
   Journal="Trends Microbiol",
   Year="2016",
   Volume="24",
   Number="6",
   Pages="490--502",
   Month="Jun"
}

@Article{Lemey2007,
   Author="Lemey, P.  and Kosakovsky Pond, S. L.  and Drummond, A. J.  and Pybus, O. G.  and Shapiro, B.  and Barroso, H.  and Taveira, N.  and Rambaut, A. ",
   Title="{{S}ynonymous substitution rates predict {H}{I}{V} disease progression as a result of underlying replication dynamics}",
   Journal="PLoS Comput Biol",
   Year="2007",
   Volume="3",
   Number="2",
   Pages="e29",
   Month="Feb"
}

@Article{Bhatt2011,
   Author="Bhatt, S.  and Holmes, E. C.  and Pybus, O. G. ",
   Title="{{T}he genomic rate of molecular adaptation of the human influenza {A} virus}",
   Journal="Mol Biol Evol",
   Year="2011",
   Volume="28",
   Number="9",
   Pages="2443--2451",
   Month="Sep"
}

@Article{Wiens1998,
   Author="Wiens, J. J. ",
   Title="{{C}ombining data sets with different phylogenetic histories}",
   Journal="Syst Biol",
   Year="1998",
   Volume="47",
   Number="4",
   Pages="568--581",
   Month="Dec"
}

@article{Barrat-Charlaix2022,
  title={TreeKnit: Inferring ancestral reassortment graphs of influenza viruses},
  author={Barrat-Charlaix, Pierre and Vaughan, Timothy G and Neher, Richard A},
  journal={PLoS Comput Biol},
  volume={18},
  number={8},
  pages={e1010394},
  year={2022},
  publisher={Public Library of Science San Francisco, CA USA}
}

@Article{Muller2022,
   Author="Muller, N. F.  and Kistler, K. E.  and Bedford, T. ",
   Title="{{A} {B}ayesian approach to infer recombination patterns in coronaviruses}",
   Journal="Nat Commun",
   Year="2022",
   Volume="13",
   Number="1",
   Pages="4186",
   Month="Jul"
}

@Article{OToole2022,
   Author="O'Toole, A.  and Hill, V.  and Jackson, B.  and Dewar, R.  and Sahadeo, N.  and Colquhoun, R.  and Rooke, S.  and McCrone, J. T.  and Duggan, K.  and McHugh, M. P.  and Nicholls, S. M.  and Poplawski, R.  and Aanensen, D.  and Holden, M.  and Connor, T.  and Loman, N.  and Goodfellow, I.  and Carrington, C. V. F.  and Templeton, K.  and Rambaut, A. ",
   Title="{{G}enomics-informed outbreak investigations of {S}{A}{R}{S}-{C}o{V}-2 using civet}",
   Journal="PLoS Glob Public Health",
   Year="2022",
   Volume="2",
   Number="12",
   Pages="e0000704"
}

@Article{McBroome2022,
   Author="McBroome, J.  and Martin, J.  and de Bernardi Schneider, A.  and Turakhia, Y.  and Corbett-Detig, R. ",
   Title="{{I}dentifying {S}{A}{R}{S}-{C}o{V}-2 regional introductions and transmission clusters in real time}",
   Journal="Virus Evol",
   Year="2022",
   Volume="8",
   Number="1",
   Pages="veac048"
}

@Article{Stoddard2022,
   Author="Stoddard, G.  and Black, A.  and Ayscue, P.  and Lu, D.  and Kamm, J.  and Bhatt, K.  and Chan, L.  and Kistler, A. L.  and Batson, J.  and Detweiler, A.  and Tan, M.  and Neff, N.  and DeRisi, J. L.  and Corrigan, J. ",
   Title="{{U}sing genomic epidemiology of {S}{A}{R}{S}-{C}o{V}-2 to support contact tracing and public health surveillance in rural {H}umboldt {C}ounty, {C}alifornia}",
   Journal="BMC Public Health",
   Year="2022",
   Volume="22",
   Number="1",
   Pages="456",
   Month="Mar"
}

@article {Tran-Kiem2023,
    author = {C{\'e}cile Tran-Kiem and Trevor Bedford},
    title = {Estimating the reproduction number and transmission heterogeneity from the size distribution of clusters of identical pathogen sequences},
    elocation-id = {2023.04.05.23287263},
    year = {2023},
    doi = {10.1101/2023.04.05.23287263},
    publisher = {Cold Spring Harbor Laboratory Press},
    abstract = {Quantifying transmission intensity and heterogeneity is crucial to ascertain the threat posed by infectious diseases and inform the design of interventions. Methods that jointly estimate the reproduction number R and the dispersion parameter k have however mainly remained limited to the analysis of epidemiological clusters or contact tracing data, whose collection often proves difficult. Here, we show that clusters of identical sequences are imprinted by the pathogen offspring distribution, and we derive an analytical formula for the distribution of the size of these clusters. We develop and evaluate a novel inference framework to jointly estimate the reproduction number and the dispersion parameter from the size distribution of clusters of identical sequences. We then illustrate its application across a range of epidemiological situations. Finally, we develop a hypothesis testing framework relying on clusters of identical sequences to determine whether a given pathogen genetic subpopulation is associated with increased or reduced transmissibility. Our work provides new tools to estimate the reproduction number and transmission heterogeneity from pathogen sequences without building a phylogenetic tree, thus making it easily scalable to large pathogen genome datasets.Significance statement For many infectious diseases, a small fraction of individuals has been documented to disproportionately contribute to onward spread. Characterizing the extent of superspreading is a crucial step towards the implementation of efficient interventions. Despite its epidemiological relevance, it remains difficult to quantify transmission heterogeneity. Here, we present a novel inference framework harnessing the size of clusters of identical pathogen sequences to estimate the reproduction number and the dispersion parameter. We also show that the size of these clusters can be used to estimate the transmission advantage of a pathogen genetic variant. This work provides crucial new tools to better characterize the spread of pathogens and evaluate their control.Competing Interest StatementThe authors have declared no competing interest.Funding StatementTB is a Howard Hughes Medical Institute Investigator. This work is supported by NIH NIGMS R35 GM119774 awarded to TB. Most of the analyses were completed using Fred Hutch Scientific Computing resources (NIH grants S10-OD-020069 and S10-OD-028685).Author DeclarationsI confirm all relevant ethical guidelines have been followed, and any necessary IRB and/or ethics committee approvals have been obtained.YesI confirm that all necessary patient/participant consent has been obtained and the appropriate institutional forms have been archived, and that any patient/participant/sample identifiers included were not known to anyone (e.g., hospital staff, patients or participants themselves) outside the research group so cannot be used to identify individuals.YesI understand that all clinical trials and any other prospective interventional studies must be registered with an ICMJE-approved registry, such as ClinicalTrials.gov. I confirm that any such study reported in the manuscript has been registered and the trial registration ID is provided (note: if posting a prospective study registered retrospectively, please provide a statement in the trial ID field explaining why the study was not registered in advance).YesI have followed all appropriate research reporting guidelines, such as any relevant EQUATOR Network research reporting checklist(s) and other pertinent material, if applicable.YesThe codes and data used in this paper can be found at https://github.com/blab/size-genetic-clusters. https://github.com/blab/size-genetic-clusters},
    URL = {https://www.medrxiv.org/content/early/2023/10/10/2023.04.05.23287263},
    eprint = {https://www.medrxiv.org/content/early/2023/10/10/2023.04.05.23287263.full.pdf},
    journal = {medRxiv}
}

@Article{OToole2021,
   Author="O'Toole, A.  and Scher, E.  and Underwood, A.  and Jackson, B.  and Hill, V.  and McCrone, J. T.  and Colquhoun, R.  and Ruis, C.  and Abu-Dahab, K.  and Taylor, B.  and Yeats, C.  and du Plessis, L.  and Maloney, D.  and Medd, N.  and Attwood, S. W.  and Aanensen, D. M.  and Holmes, E. C.  and Pybus, O. G.  and Rambaut, A. ",
   Title="{{A}ssignment of epidemiological lineages in an emerging pandemic using the pangolin tool}",
   Journal="Virus Evol",
   Year="2021",
   Volume="7",
   Number="2",
   Pages="veab064"
}

@Article{Turakhia2021,
   Author="Turakhia, Y.  and Thornlow, B.  and Hinrichs, A. S.  and De Maio, N.  and Gozashti, L.  and Lanfear, R.  and Haussler, D.  and Corbett-Detig, R. ",
   Title="{{U}ltrafast {S}ample placement on {E}xisting t{R}ees ({U}{S}h{E}{R}) enables real-time phylogenetics for the {S}{A}{R}{S}-{C}o{V}-2 pandemic}",
   Journal="Nat Genet",
   Year="2021",
   Volume="53",
   Number="6",
   Pages="809--816",
   Month="Jun"
}

@article{Aksamentov2021,
   doi = {10.21105/joss.03773},
   url = {https://doi.org/10.21105/joss.03773},
   year = {2021},
   publisher = {The Open Journal},
   volume = {6},
   number = {67},
   pages = {3773},
   author = {Ivan Aksamentov and Cornelius Roemer and Emma B. Hodcroft and Richard A. Neher},
   title = {Nextclade: clade assignment, mutation calling and quality control for viral genomes},
   journal = {Journal of Open Source Software}
}

@Article{Argimon2016,
   Author="Argimón, S.  and Abudahab, K.  and Goater, R. J. E.  and Fedosejev, A.  and Bhai, J.  and Glasner, C.  and Feil, E. J.  and Holden, M. T. G.  and Yeats, C. A.  and Grundmann, H.  and Spratt, B. G.  and Aanensen, D. M. ",
   Title="{{M}icroreact: visualizing and sharing data for genomic epidemiology and phylogeography}",
   Journal="Microb Genom",
   Year="2016",
   Volume="2",
   Number="11",
   Pages="e000093",
   Month="Nov"
}

@Article{Campbell2021,
   Author="Campbell, E. M.  and Boyles, A.  and Shankar, A.  and Kim, J.  and Knyazev, S.  and Cintron, R.  and Switzer, W. M. ",
   Title="{{M}icrobe{T}race: {R}etooling molecular epidemiology for rapid public health response}",
   Journal="PLoS Comput Biol",
   Year="2021",
   Volume="17",
   Number="9",
   Pages="e1009300",
   Month="Sep"
}

@article{maaten2008visualizing,
  title={Visualizing data using t-SNE},
  author={Maaten, Laurens van der and Hinton, Geoffrey},
  journal={Journal of Machine Learning Research},
  volume={9},
  number={Nov},
  pages={2579--2605},
  year={2008},
}
@article{lel2018umap,
    title={UMAP: Uniform Manifold Approximation and Projection for Dimension Reduction},
    author={Leland McInnes and John Healy and James Melville},
    year={2018},
    eprint={1802.03426},
    journal={arXiv},
    archivePrefix={arXiv},
    primaryClass={stat.ML},
}
@article{hout_papesh_goldinger_2012,
    title={Multidimensional scaling},
    journal={Wiley Online Library},
    publisher={John Wiley & Sons, Ltd},
    author={Hout, Michael C. and Papesh, Megan H. and Goldinger, Stephen D.},
    year={2012},
},
@article{jolliffe_cadima_2016,
    title={Principal component analysis: a review and recent developments},
    journal={Phil. Trans. R. Soc. A.},
    publisher={The Royal Society Publishing},
    author={Jolliffe, Ian T and Cadima, Jorge},
    year={2016},
    month={Apr}
}
@article{pérez-losada_arenas_galán_palero_gonzález-candelas_2014,
    title={Recombination in viruses: Mechanisms, methods of study, and evolutionary consequences},
    journal={Infection, Genetics and Evolution},
    publisher={Elsevier},
    author={Pérez-Losada, Marcos and Arenas, Miguel and Galán, Juan Carlos and Palero, Ferran and González-Candelas, Fernando},
    year={2015},
}

@article{Pedregosa2011,
 title={Scikit-learn: machine learning in {P}ython},
 author={Pedregosa, F. and Varoquaux, G. and Gramfort, A. and Michel, V.
         and Thirion, B. and Grisel, O. and Blondel, M. and Prettenhofer, P.
         and Weiss, R. and Dubourg, V. and Vanderplas, J. and Passos, A. and
         Cournapeau, D. and Brucher, M. and Perrot, M. and Duchesnay, E.},
 journal={Journal of Machine Learning Research},
 volume={12},
 pages={2825--2830},
 year={2011}
}

@article{Jacobs1988,
title = {Increased rates of convergence through learning rate adaptation},
journal = {Neural Networks},
volume = {1},
number = {4},
pages = {295-307},
year = {1988},
issn = {0893-6080},
doi = {https://doi.org/10.1016/0893-6080(88)90003-2},
url = {https://www.sciencedirect.com/science/article/pii/0893608088900032},
author = {Robert A. Jacobs},
abstract = {While there exist many techniques for finding the parameters that minimize an error function, only those methods that solely perform local computations are used in connectionist networks. The most popular learning algorithm for connectionist networks is the back-propagation procedure, which can be used to update the weights by the method of steepest descent. In this paper, we examine steepest descent and analyze why it can be slow to converge. We then propose four heuristics for achieving faster rates of convergence while adhering to the locality constraint. These heuristics suggest that every weight of a network should be given its own learning rate and that these rates should be allowed to vary over time. Additionally, the heuristics suggest how the learning rates should be adjusted. Two implementations of these heuristics, namely momentum and an algorithm called the delta-bar-delta rule, are studied and simulation results are presented.}
}

@Article{Belkina2019,
   Author="Belkina, A. C.  and Ciccolella, C. O.  and Anno, R.  and Halpert, R.  and Spidlen, J.  and Snyder-Cappione, J. E. ",
   Title="{{A}utomated optimized parameters for {T}-distributed stochastic neighbor embedding improve visualization and analysis of large datasets}",
   Journal="Nat Commun",
   Year="2019",
   Volume="10",
   Number="1",
   Pages="5415",
   Month="Nov"
}

@article{alexander_2009,
    title={Fast model-based estimation of ancestry in unrelated individuals},
    journal={Genome Research}, publisher={Cold Spring Harbor Laboratory Press},
    author={Alexander, David H and Novembre, John and Lange, Kenneth},
    year={2009},
}

@article{kosakovsky_pond_2006,
    title={Automated phylogenetic detection of recombination using a genetic algorithm},
    journal={Molecular biology and evolution},
    publisher={U.S. National Library of Medicine},
    author={Kosakovsky Pond, Sergei L and Posada, David and Gravenor, Michael B and Woelk, Christopher H and Frost, Simon D W},
    year={2006},
}
@article{kosakovsky_GARD_2006,
    title={GARD: a genetic algorithm for recombination detection},
    journal={Bioinformatics (Oxford, England)},
    publisher={U.S. National Library of Medicine},
    author={Kosakovsky Pond, Sergei L and Posada, David and Gravenor, Michael B and Woelk, Christopher H and Frost, Simon D W},
    year={2006},
}
@article{martin_murrell_khoosal_muhire_2017,
    title={Detecting and Analyzing Genetic Recombination Using RDP4},
    journal={Methods in molecular biology (Clifton, N.J.)},
    publisher={U.S. National Library of Medicine},
    author={Martin, Darren P and Murrell, Ben and Khoosal, Arjun and Muhire, Brejnev},
    year={2017},
}
@article{novembre_2008,
    title={Genes mirror geography within Europe},
    journal={Nature},
    publisher={U.S. National Library of Medicine},
    author={Novembre, John and Johnson, Toby and Bryc, Katarzyna and Kutalik, Zoltán and Boyko, Adam R and Auton, Adam and Indap, Amit and King, Karen S and Bergmann, Sven and Nelson, Matthew R and et al.},
    year={2008},
}
@article {faria,
    author  = {N. R. Faria, J. Quick, I.M. Claro, J. Thézé, J. G. de Jesus, M. Giovanetti, M. U. G. Kraemer, S. C. Hill, A. Black, A. C. da Costa, L. C. Franco, S. P. Silva, C.-H. Wu, J. Raghwani, S. Cauchemez, L. du Plessis, M. P. Verotti, W. K. de Oliveira, E. H. Carmo, G. E. Coelho, A. C. F. S. Santelli, L. C. Vinhal, C. M. Henriques, J. T. Simpson, M. Loose, K. G. Andersen, N. D. Grubaugh, S. Somasekar, C. Y. Chiu, J. E. Muñoz-Medina, C. R. Gonzalez-Bonilla, C. F. Arias, L. L. Lewis-Ximenez, S. A. Baylis, A. O. Chieppe, S. F. Aguiar, C. A. Fernandes, P. S. Lemos, B. L. S. Nascimento, H. A. O. Monteiro, I. C. Siqueira, M. G. de Queiroz, T. R. de Souza, J. F. Bezerra, M. R. Lemos, G. F. Pereira, D. Loudal, L. C. Moura, R. Dhalia, R. F. França, T. Magalhães, E. T. Marques Jr, T. Jaenisch, G. L. Wallau, M. C. de Lima, V. Nascimento, E. M. de Cerqueira, M. M. de Lima, D. L. Mascarenhas, J. P. Moura Neto, A. S. Levin, T. R. Tozetto-Mendoza, S. N. Fonseca, M. C. Mendes-Correa, F. P. Milagres, A. Segurado, E. C. Holmes, A. Rambaut, T. Bedford, M. R. T. Nunes, E. C. Sabino, L. C. J. Alcantara, N. J. Loman \& O. G. Pybus},
    title   = {Establishment and cryptic transmission of Zika virus in Brazil and the Americas},
    journal = {Nature},
    year    = {2017},
    month   = {may}
}

@misc{Rambaut2020,
    author = {Rambaut, A.},
    title = {Phylogenetic analysis of n{C}o{V}-2019 genomes},
    year = {2020},
    month = {mar},
    howpublished = {\url{https://virological.org/t/phylodynamic-analysis-176-genomes-6-mar-2020/356}}
}

@Article{Arita2021,
   Author="Arita, M.  and Karsch-Mizrachi, I.  and Cochrane, G. ",
   Title="{{T}he international nucleotide sequence database collaboration}",
   Journal="Nucleic Acids Res",
   Year="2021",
   Volume="49",
   Number="D1",
   Pages="D121-D124",
   Month="Jan"
}

@Article{metsky_2017,
   Author="Metsky, H. C.  and Matranga, C. B.  and Wohl, S.  and Schaffner, S. F.  and Freije, C. A.  and Winnicki, S. M.  and West, K.  and Qu, J.  and Baniecki, M. L.  and Gladden-Young, A.  and Lin, A. E.  and Tomkins-Tinch, C. H.  and Ye, S. H.  and Park, D. J.  and Luo, C. Y.  and Barnes, K. G.  and Shah, R. R.  and Chak, B.  and Barbosa-Lima, G.  and Delatorre, E.  and Vieira, Y. R.  and Paul, L. M.  and Tan, A. L.  and Barcellona, C. M.  and Porcelli, M. C.  and Vasquez, C.  and Cannons, A. C.  and Cone, M. R.  and Hogan, K. N.  and Kopp, E. W.  and Anzinger, J. J.  and Garcia, K. F.  and Parham, L. A.  and Ramírez, R. M. G.  and Montoya, M. C. M.  and Rojas, D. P.  and Brown, C. M.  and Hennigan, S.  and Sabina, B.  and Scotland, S.  and Gangavarapu, K.  and Grubaugh, N. D.  and Oliveira, G.  and Robles-Sikisaka, R.  and Rambaut, A.  and Gehrke, L.  and Smole, S.  and Halloran, M. E.  and Villar, L.  and Mattar, S.  and Lorenzana, I.  and Cerbino-Neto, J.  and Valim, C.  and Degrave, W.  and Bozza, P. T.  and Gnirke, A.  and Andersen, K. G.  and Isern, S.  and Michael, S. F.  and Bozza, F. A.  and Souza, T. M. L.  and Bosch, I.  and Yozwiak, N. L.  and MacInnis, B. L.  and Sabeti, P. C. ",
   Title="{{Z}ika virus evolution and spread in the {A}mericas}",
   Journal="Nature",
   Year="2017",
   Volume="546",
   Number="7658",
   Pages="411--415",
   Month="06"
}

@article {rambaut_2008,
    title={The genomic and epidemiological dynamics of human influenza A virus},
    url={https://www.nature.com/articles/nature06945},
    journal={Nature },
    publisher={Nature },
    author={Rambaut, Andrew and Pybus, Oliver G. and Nelson, Martha I. and Viboud, Cecile and Taubenberger, Jeffery K. and Holmes, Edward C.},
    year={2008},
    month={Apr}
}

@Article{He2010,
   Author="He, J.  and Deem, M. W. ",
   Title="{{L}ow-dimensional clustering detects incipient dominant influenza strain clusters}",
   Journal="Protein Eng Des Sel",
   Year="2010",
   Volume="23",
   Number="12",
   Pages="935--946",
   Month="Dec"
}

@Article{Ito2011,
   Author="Ito, K.  and Igarashi, M.  and Miyazaki, Y.  and Murakami, T.  and Iida, S.  and Kida, H.  and Takada, A. ",
   Title="{{G}narled-trunk evolutionary model of influenza {A} virus hemagglutinin}",
   Journal="PLoS One",
   Year="2011",
   Volume="6",
   Number="10",
   Pages="e25953"
}

@article {sudmant_2015,
    author  = {Peter H. Sudmant, Tobias Rausch, Eugene J. Gardner, Robert E. Handsaker, Alexej Abyzov, John Huddleston, Yan Zhang, Kai Ye, Goo Jun, Markus Hsi-Yang Fritz, Miriam K. Konkel, Ankit Malhotra, Adrian M. Stütz, Xinghua Shi, Francesco Paolo Casale, Jieming Chen, Fereydoun Hormozdiari, Gargi Dayama, Ken Chen, Maika Malig, Mark J. P. Chaisson, Klaudia Walter, Sascha Meiers, Seva Kashin, Erik Garrison, Adam Auton, Hugo Y. K. Lam, Xinmeng Jasmine Mu, Can Alkan, Danny Antaki, Taejeong Bae, Eliza Cerveira, Peter Chines, Zechen Chong, Laura Clarke, Elif Dal, Li Ding, Sarah Emery, Xian Fan, Madhusudan Gujral, Fatma Kahveci, Jeffrey M. Kidd, Yu Kong, Eric-Wubbo Lameijer, Shane McCarthy, Paul Flicek, Richard A. Gibbs, Gabor Marth, Christopher E. Mason, Androniki Menelaou, Donna M. Muzny, Bradley J. Nelson, Amina Noor, Nicholas F. Parrish, Matthew Pendleton, Andrew Quitadamo, Benjamin Raeder, Eric E. Schadt, Mallory Romanovitch, Andreas Schlattl, Robert Sebra, Andrey A. Shabalin, Andreas Untergasser, Jerilyn A. Walker, Min Wang, Fuli Yu, Chengsheng Zhang, Jing Zhang, Xiangqun Zheng-Bradley, Wanding Zhou, Thomas Zichner, Jonathan Sebat, Mark A. Batzer, Steven A. McCarroll, The 1000 Genomes Project Consortium, Ryan E. Mills, Mark B. Gerstein, Ali Bashir, Oliver Stegle, Scott E. Devine, Charles Lee, Evan E. Eichler & Jan O. Korbel},
    title   = {An integrated map of structural variation in 2,504 human genomes},
    journal = {Nature},
    year    = {2015},
    month   = {sep}
}

@article{diaz-papkovich_2019,
    title={UMAP reveals cryptic population structure and phenotype heterogeneity in large genomic cohorts},
    url={https://journals.plos.org/plosgenetics/article?id=10.1371/journal.pgen.1008432},
    journal={PLoS Genet},
    publisher={Public Library of Science},
    author={Diaz-Papkovich, Alex and Anderson-Trocmé, Luke and Ben-Eghan, Chief and Gravel, Simon},
    year={2019},
    month={Nov}
}

@article {Posada13757,
    author = {Posada, David and Crandall, Keith A.},
    title = {Evaluation of methods for detecting recombination from DNA sequences: Computer simulations},
    volume = {98},
    number = {24},
    pages = {13757--13762},
    year = {2001},
    doi = {10.1073/pnas.241370698},
    publisher = {National Academy of Sciences},
    abstract = {Recombination is a key evolutionary process that shapes the architecture of genomes and the genetic structure of populations. Although many statistical methods are available for the detection of recombination from DNA sequences, their absolute and relative performance is still unknown. Here we evaluated the performance of 14 different recombination detection algorithms. We used the coalescent with recombination to simulate DNA sequences with different levels of recombination, genetic diversity, and rate variation among sites. Recombination detection methods were applied to these data sets, and whether they detected or not recombination was recorded. Different recombination methods showed distinct performance depending on the amount of recombination, genetic diversity, and rate variation among sites. The model of nucleotide substitution under which the data were generated did not seem to have a significant effect. Most methods increase power with more sequence divergence. In general, recombination detection methods seem to capture the presence of recombination, but they are not very powerful. Methods that use substitution patterns or incompatibility among sites were more powerful than methods based on phylogenetic incongruence. Most methods do not seem to infer more false positives than expected by chance. Especially depending on the amount of diversity in the data, different methods could be used to attain maximum power while minimizing false positives. Results shown here will provide some guidance in the selection of the most appropriate method/s for the analysis of the particular data at hand.},
    issn = {0027-8424},
    URL = {https://www.pnas.org/content/98/24/13757},
    eprint = {https://www.pnas.org/content/98/24/13757.full.pdf},
    journal = {Proceedings of the National Academy of Sciences}
}

@article{Katoh2002,
    author = {Katoh, Kazutaka and Misawa, Kazuharu and Kuma, Kei‐ichi and Miyata, Takashi},
    title = "{MAFFT: a novel method for rapid multiple sequence alignment based on fast Fourier transform}",
    journal = {Nucleic Acids Research},
    volume = {30},
    number = {14},
    pages = {3059-3066},
    year = {2002},
    month = {07},
    abstract = "{A multiple sequence alignment program, MAFFT, has been developed. The CPU time is drastically reduced as compared with existing methods. MAFFT includes two novel techniques. (i) Homo logous regions are rapidly identified by the fast Fourier transform (FFT), in which an amino acid sequence is converted to a sequence composed of volume and polarity values of each amino acid residue. (ii) We propose a simplified scoring system that performs well for reducing CPU time and increasing the accuracy of alignments even for sequences having large insertions or extensions as well as distantly related sequences of similar length. Two different heuristics, the progressive method (FFT‐NS‐2) and the iterative refinement method (FFT‐NS‐i), are implemented in MAFFT. The performances of FFT‐NS‐2 and FFT‐NS‐i were compared with other methods by computer simulations and benchmark tests; the CPU time of FFT‐NS‐2 is drastically reduced as compared with CLUSTALW with comparable accuracy. FFT‐NS‐i is over 100 times faster than T‐COFFEE, when the number of input sequences exceeds 60, without sacrificing the accuracy.}",
    issn = {0305-1048},
    doi = {10.1093/nar/gkf436},
    url = {https://doi.org/10.1093/nar/gkf436},
    eprint = {http://oup.prod.sis.lan/nar/article-pdf/30/14/3059/9488148/gkf436.pdf},
}

@Article{Katoh2013,
   Author="Katoh, K.  and Standley, D. M. ",
   Title="{{M}{A}{F}{F}{T} multiple sequence alignment software version 7: improvements in performance and usability}",
   Journal="Mol Biol Evol",
   Year="2013",
   Volume="30",
   Number="4",
   Pages="772--780",
   Month="Apr"
}

@Article{Huddleston2021,
   Author="Huddleston, J.  and Hadfield, J.  and Sibley, T. R.  and Lee, J.  and Fay, K.  and Ilcisin, M.  and Harkins, E.  and Bedford, T.  and Neher, R. A.  and Hodcroft, E. B. ",
   Title="{{A}ugur: a bioinformatics toolkit for phylogenetic analyses of human pathogens}",
   Journal="J Open Source Softw",
   Year="2021",
   Volume="6",
   Number="57"
}

@article{Sagulenko2018,
    author = {Sagulenko, Pavel and Puller, Vadim and Neher, Richard A},
    title = "{TreeTime: Maximum-likelihood phylodynamic analysis}",
    journal = {Virus Evolution},
    volume = {4},
    number = {1},
    year = {2018},
    month = {01},
    abstract = "{Mutations that accumulate in the genome of cells or viruses can be used to infer their evolutionary history. In the case of rapidly evolving organisms, genomes can reveal their detailed spatiotemporal spread. Such phylodynamic analyses are particularly useful to understand the epidemiology of rapidly evolving viral pathogens. As the number of genome sequences available for different pathogens has increased dramatically over the last years, phylodynamic analysis with traditional methods becomes challenging as these methods scale poorly with growing datasets. Here, we present TreeTime, a Python-based framework for phylodynamic analysis using an approximate Maximum Likelihood approach. TreeTime can estimate ancestral states, infer evolution models, reroot trees to maximize temporal signals, estimate molecular clock phylogenies and population size histories. The runtime of TreeTime scales linearly with dataset size.}",
    issn = {2057-1577},
    doi = {10.1093/ve/vex042},
    url = {https://doi.org/10.1093/ve/vex042},
    eprint = {http://oup.prod.sis.lan/ve/article-pdf/4/1/vex042/23361340/vex042.pdf},
}

@article{Nguyen2014,
    author = {Nguyen, Lam-Tung and Schmidt, Heiko A. and von Haeseler, Arndt and Minh, Bui Quang},
    title = "{IQ-TREE: A fast and effective stochastic algorithm for estimating maximum-likelihood phylogenies}",
    journal = {Molecular Biology and Evolution},
    volume = {32},
    number = {1},
    pages = {268-274},
    year = {2014},
    month = {11},
    abstract = "{Large phylogenomics data sets require fast tree inference methods, especially for maximum-likelihood (ML) phylogenies. Fast programs exist, but due to inherent heuristics to find optimal trees, it is not clear whether the best tree is found. Thus, there is need for additional approaches that employ different search strategies to find ML trees and that are at the same time as fast as currently available ML programs. We show that a combination of hill-climbing approaches and a stochastic perturbation method can be time-efficiently implemented. If we allow the same CPU time as RAxML and PhyML, then our software IQ-TREE found higher likelihoods between 62.2\\% and 87.1\\% of the studied alignments, thus efficiently exploring the tree-space. If we use the IQ-TREE stopping rule, RAxML and PhyML are faster in 75.7\\% and 47.1\\% of the DNA alignments and 42.2\\% and 100\\% of the protein alignments, respectively. However, the range of obtaining higher likelihoods with IQ-TREE improves to 73.3–97.1\\%. IQ-TREE is freely available at http://www.cibiv.at/software/iqtree.}",
    issn = {0737-4038},
    doi = {10.1093/molbev/msu300},
    url = {https://doi.org/10.1093/molbev/msu300},
    eprint = {http://oup.prod.sis.lan/mbe/article-pdf/32/1/268/13171186/msu300.pdf},
}

@article{Hadfield2018,
author = {Hadfield, J. and Megill, C. and Bell, S. M. and Huddleston, J. and Potter, B. and Callender, C. and Sagulenko, P. and Bedford, T. and Neher, R. A.},
title = {Nextstrain: real-time tracking of pathogen evolution},
journal = {Bioinformatics},
volume = {},
number = {},
pages = {bty407},
year = {2018},
month = {May},
doi = {10.1093/bioinformatics/bty407},
URL = {http://dx.doi.org/10.1093/bioinformatics/bty407},
eprint = {/oup/backfile/content_public/journal/bioinformatics/pap/10.1093_bioinformatics_bty407/2/bty407.pdf}
}

@article{VanderPlas2018,
  doi = {10.21105/joss.01057},
  url = {https://doi.org/10.21105/joss.01057},
  year = {2018},
  publisher = {The Open Journal},
  volume = {3},
  number = {32},
  pages = {1057},
  author = {Jacob VanderPlas and Brian E. Granger and Jeffrey Heer and Dominik Moritz and Kanit Wongsuphasawat and Arvind Satyanarayan and Eitan Lees and Ilia Timofeev and Ben Welsh and Scott Sievert},
  title = {Altair: Interactive Statistical Visualizations for Python},
  journal = {Journal of Open Source Software}
}

@article{dudas_bedford_2019,
    title={The ability of single genes vs full genomes to resolve time and space in outbreak analysis},
    url={https://bedford.io/pdfs/papers/dudas-genomic-horizon.pdf},
    publisher={BMC Evolutionary Biology},
    author={Dudas, Gytis and Bedford, Trevor},
    year={2019}
}

@Article{mcvean_2009,
   Author="McVean, G. ",
   Title="{{A} genealogical interpretation of principal components analysis}",
   Journal="PLoS Genet",
   Year="2009",
   Volume="5",
   Number="10",
   Pages="e1000686",
   Month="Oct"
}

@Article{auton_2015,
   Author="Auton, A.  and Brooks, L. D.  and Durbin, R. M.  and Garrison, E. P.  and Kang, H. M.  and Korbel, J. O.  and Marchini, J. L.  and McCarthy, S.  and McVean, G. A.  and Abecasis, G. R.  and Auton, A.  and Abecasis, G. R.  and Altshuler, D. M.  and Durbin, R. M.  and Abecasis, G. R.  and Bentley, D. R.  and Chakravarti, A.  and Clark, A. G.  and Donnelly, P.  and Eichler, E. E.  and Flicek, P.  and Gabriel, S. B.  and Gibbs, R. A.  and Green, E. D.  and Hurles, M. E.  and Knoppers, B. M.  and Korbel, J. O.  and Lander, E. S.  and Lee, C.  and Lehrach, H.  and Mardis, E. R.  and Marth, G. T.  and McVean, G. A.  and Nickerson, D. A.  and Schmidt, J. P.  and Sherry, S. T.  and Wang, J.  and Wilson, R. K.  and Gibbs, R. A.  and Boerwinkle, E.  and Doddapaneni, H.  and Han, Y.  and Korchina, V.  and Kovar, C.  and Lee, S.  and Muzny, D.  and Reid, J. G.  and Zhu, Y.  and Wang, J.  and Chang, Y.  and Feng, Q.  and Fang, X.  and Guo, X.  and Jian, M.  and Jiang, H.  and Jin, X.  and Lan, T.  and Li, G.  and Li, J.  and Li, Y.  and Liu, S.  and Liu, X.  and Lu, Y.  and Ma, X.  and Tang, M.  and Wang, B.  and Wang, G.  and Wu, H.  and Wu, R.  and Xu, X.  and Yin, Y.  and Zhang, D.  and Zhang, W.  and Zhao, J.  and Zhao, M.  and Zheng, X.  and Lander, E. S.  and Altshuler, D. M.  and Gabriel, S. B.  and Gupta, N.  and Gharani, N.  and Toji, L. H.  and Gerry, N. P.  and Resch, A. M.  and Flicek, P.  and Barker, J.  and Clarke, L.  and Gil, L.  and Hunt, S. E.  and Kelman, G.  and Kulesha, E.  and Leinonen, R.  and McLaren, W. M.  and Radhakrishnan, R.  and Roa, A.  and Smirnov, D.  and Smith, R. E.  and Streeter, I.  and Thormann, A.  and Toneva, I.  and Vaughan, B.  and Zheng-Bradley, X.  and Bentley, D. R.  and Grocock, R.  and Humphray, S.  and James, T.  and Kingsbury, Z.  and Lehrach, H.  and Sudbrak, R.  and Albrecht, M. W.  and Amstislavskiy, V. S.  and Borodina, T. A.  and Lienhard, M.  and Mertes, F.  and Sultan, M.  and Timmermann, B.  and Yaspo, M. L.  and Mardis, E. R.  and Wilson, R. K.  and Fulton, L.  and Fulton, R.  and Sherry, S. T.  and Ananiev, V.  and Belaia, Z.  and Beloslyudtsev, D.  and Bouk, N.  and Chen, C.  and Church, D.  and Cohen, R.  and Cook, C.  and Garner, J.  and Hefferon, T.  and Kimelman, M.  and Liu, C.  and Lopez, J.  and Meric, P.  and O'Sullivan, C.  and Ostapchuk, Y.  and Phan, L.  and Ponomarov, S.  and Schneider, V.  and Shekhtman, E.  and Sirotkin, K.  and Slotta, D.  and Zhang, H.  and McVean, G. A.  and Durbin, R. M.  and Balasubramaniam, S.  and Burton, J.  and Danecek, P.  and Keane, T. M.  and Kolb-Kokocinski, A.  and McCarthy, S.  and Stalker, J.  and Quail, M.  and Durbin, R. M.  and Balasubramaniam, S.  and Burton, J.  and Danecek, P.  and Keane, T. M.  and Kolb-Kokocinski, A.  and McCarthy, S.  and Stalker, J.  and Quail, M.  and Schmidt, J. P.  and Davies, C. J.  and Gollub, J.  and Webster, T.  and Wong, B.  and Zhan, Y.  and Auton, A.  and Campbell, C. L.  and Kong, Y.  and Marcketta, A.  and Gibbs, R. A.  and Yu, F.  and Antunes, L.  and Bainbridge, M.  and Muzny, D.  and Sabo, A.  and Huang, Z.  and Wang, J.  and Coin, L. J.  and Fang, L.  and Guo, X.  and Jin, X.  and Li, G.  and Li, Q.  and Li, Y.  and Li, Z.  and Lin, H.  and Liu, B.  and Luo, R.  and Shao, H.  and Xie, Y.  and Ye, C.  and Yu, C.  and Zhang, F.  and Zheng, H.  and Zhu, H.  and Alkan, C.  and Dal, E.  and Kahveci, F.  and Marth, G. T.  and Garrison, E. P.  and Kural, D.  and Lee, W. P.  and Leong, W. F.  and Stromberg, M.  and Ward, A. N.  and Wu, J.  and Zhang, M.  and Daly, M. J.  and DePristo, M. A.  and Handsaker, R. E.  and Altshuler, D. M.  and Banks, E.  and Bhatia, G.  and Del Angel, G.  and Gabriel, S. B.  and Genovese, G.  and Gupta, N.  and Li, H.  and Kashin, S.  and Lander, E. S.  and McCarroll, S. A.  and Nemesh, J. C.  and Poplin, R. E.  and Yoon, S. C.  and Lihm, J.  and Makarov, V.  and Clark, A. G.  and Gottipati, S.  and Keinan, A.  and Rodriguez-Flores, J. L.  and Korbel, J. O.  and Rausch, T.  and Fritz, M. H.  and Stütz, A. M.  and Flicek, P.  and Beal, K.  and Clarke, L.  and Datta, A.  and Herrero, J.  and McLaren, W. M.  and Ritchie, G. R.  and Smith, R. E.  and Zerbino, D.  and Zheng-Bradley, X.  and Sabeti, P. C.  and Shlyakhter, I.  and Schaffner, S. F.  and Vitti, J.  and Cooper, D. N.  and Ball, E. V.  and Stenson, P. D.  and Bentley, D. R.  and Barnes, B.  and Bauer, M.  and Cheetham, R. K.  and Cox, A.  and Eberle, M.  and Humphray, S.  and Kahn, S.  and Murray, L.  and Peden, J.  and Shaw, R.  and Kenny, E. E.  and Batzer, M. A.  and Konkel, M. K.  and Walker, J. A.  and MacArthur, D. G.  and Lek, M.  and Sudbrak, R.  and Amstislavskiy, V. S.  and Herwig, R.  and Mardis, E. R.  and Ding, L.  and Koboldt, D. C.  and Larson, D.  and Ye, K.  and Gravel, S.  and Swaroop, A.  and Chew, E.  and Lappalainen, T.  and Erlich, Y.  and Gymrek, M.  and Willems, T. F.  and Simpson, J. T.  and Shriver, M. D.  and Rosenfeld, J. A.  and Bustamante, C. D.  and Montgomery, S. B.  and De La Vega, F. M.  and Byrnes, J. K.  and Carroll, A. W.  and DeGorter, M. K.  and Lacroute, P.  and Maples, B. K.  and Martin, A. R.  and Moreno-Estrada, A.  and Shringarpure, S. S.  and Zakharia, F.  and Halperin, E.  and Baran, Y.  and Lee, C.  and Cerveira, E.  and Hwang, J.  and Malhotra, A.  and Plewczynski, D.  and Radew, K.  and Romanovitch, M.  and Zhang, C.  and Hyland, F. C.  and Craig, D. W.  and Christoforides, A.  and Homer, N.  and Izatt, T.  and Kurdoglu, A. A.  and Sinari, S. A.  and Squire, K.  and Sherry, S. T.  and Xiao, C.  and Sebat, J.  and Antaki, D.  and Gujral, M.  and Noor, A.  and Ye, K.  and Burchard, E. G.  and Hernandez, R. D.  and Gignoux, C. R.  and Haussler, D.  and Katzman, S. J.  and Kent, W. J.  and Howie, B.  and Ruiz-Linares, A.  and Dermitzakis, E. T.  and Devine, S. E.  and Abecasis, G. R.  and Kang, H. M.  and Kidd, J. M.  and Blackwell, T.  and Caron, S.  and Chen, W.  and Emery, S.  and Fritsche, L.  and Fuchsberger, C.  and Jun, G.  and Li, B.  and Lyons, R.  and Scheller, C.  and Sidore, C.  and Song, S.  and Sliwerska, E.  and Taliun, D.  and Tan, A.  and Welch, R.  and Wing, M. K.  and Zhan, X.  and Awadalla, P.  and Hodgkinson, A.  and Li, Y.  and Shi, X.  and Quitadamo, A.  and Lunter, G.  and McVean, G. A.  and Marchini, J. L.  and Myers, S.  and Churchhouse, C.  and Delaneau, O.  and Gupta-Hinch, A.  and Kretzschmar, W.  and Iqbal, Z.  and Mathieson, I.  and Menelaou, A.  and Rimmer, A.  and Xifara, D. K.  and Oleksyk, T. K.  and Fu, Y.  and Liu, X.  and Xiong, M.  and Jorde, L.  and Witherspoon, D.  and Xing, J.  and Eichler, E. E.  and Browning, B. L.  and Browning, S. R.  and Hormozdiari, F.  and Sudmant, P. H.  and Khurana, E.  and Durbin, R. M.  and Hurles, M. E.  and Tyler-Smith, C.  and Albers, C. A.  and Ayub, Q.  and Balasubramaniam, S.  and Chen, Y.  and Colonna, V.  and Danecek, P.  and Jostins, L.  and Keane, T. M.  and McCarthy, S.  and Walter, K.  and Xue, Y.  and Gerstein, M. B.  and Abyzov, A.  and Balasubramanian, S.  and Chen, J.  and Clarke, D.  and Fu, Y.  and Harmanci, A. O.  and Jin, M.  and Lee, D.  and Liu, J.  and Mu, X. J.  and Zhang, J.  and Zhang, Y.  and Gerstein, M. B.  and Abyzov, A.  and Balasubramanian, S.  and Chen, J.  and Clarke, D.  and Fu, Y.  and Harmanci, A. O.  and Jin, M.  and Lee, D.  and Liu, J.  and Mu, X. J.  and Zhang, J.  and Zhang, Y.  and Li, Y.  and Luo, R.  and Zhu, H.  and Alkan, C.  and Dal, E.  and Kahveci, F.  and Marth, G. T.  and Garrison, E. P.  and Kural, D.  and Lee, W. P.  and Ward, A. N.  and Wu, J.  and Zhang, M.  and McCarroll, S. A.  and Handsaker, R. E.  and Altshuler, D. M.  and Banks, E.  and Del Angel, G.  and Genovese, G.  and Hartl, C.  and Li, H.  and Kashin, S.  and Nemesh, J. C.  and Shakir, K.  and Yoon, S. C.  and Lihm, J.  and Makarov, V.  and Degenhardt, J.  and Korbel, J. O.  and Fritz, M. H.  and Meiers, S.  and Raeder, B.  and Rausch, T.  and Stütz, A. M.  and Flicek, P.  and Casale, F. P.  and Clarke, L.  and Smith, R. E.  and Stegle, O.  and Zheng-Bradley, X.  and Bentley, D. R.  and Barnes, B.  and Cheetham, R. K.  and Eberle, M.  and Humphray, S.  and Kahn, S.  and Murray, L.  and Shaw, R.  and Lameijer, E. W.  and Batzer, M. A.  and Konkel, M. K.  and Walker, J. A.  and Ding, L.  and Hall, I.  and Ye, K.  and Lacroute, P.  and Lee, C.  and Cerveira, E.  and Malhotra, A.  and Hwang, J.  and Plewczynski, D.  and Radew, K.  and Romanovitch, M.  and Zhang, C.  and Craig, D. W.  and Homer, N.  and Church, D.  and Xiao, C.  and Sebat, J.  and Antaki, D.  and Bafna, V.  and Michaelson, J.  and Ye, K.  and Devine, S. E.  and Gardner, E. J.  and Abecasis, G. R.  and Kidd, J. M.  and Mills, R. E.  and Dayama, G.  and Emery, S.  and Jun, G.  and Shi, X.  and Quitadamo, A.  and Lunter, G.  and McVean, G. A.  and Chen, K.  and Fan, X.  and Chong, Z.  and Chen, T.  and Witherspoon, D.  and Xing, J.  and Eichler, E. E.  and Chaisson, M. J.  and Hormozdiari, F.  and Huddleston, J.  and Malig, M.  and Nelson, B. J.  and Sudmant, P. H.  and Parrish, N. F.  and Khurana, E.  and Hurles, M. E.  and Blackburne, B.  and Lindsay, S. J.  and Ning, Z.  and Walter, K.  and Zhang, Y.  and Gerstein, M. B.  and Abyzov, A.  and Chen, J.  and Clarke, D.  and Lam, H.  and Mu, X. J.  and Sisu, C.  and Zhang, J.  and Zhang, Y.  and Gerstein, M. B.  and Abyzov, A.  and Chen, J.  and Clarke, D.  and Lam, H.  and Mu, X. J.  and Sisu, C.  and Zhang, J.  and Zhang, Y.  and Gibbs, R. A.  and Yu, F.  and Bainbridge, M.  and Challis, D.  and Evani, U. S.  and Kovar, C.  and Lu, J.  and Muzny, D.  and Nagaswamy, U.  and Reid, J. G.  and Sabo, A.  and Yu, J.  and Guo, X.  and Li, W.  and Li, Y.  and Wu, R.  and Marth, G. T.  and Garrison, E. P.  and Leong, W. F.  and Ward, A. N.  and Del Angel, G.  and DePristo, M. A.  and Gabriel, S. B.  and Gupta, N.  and Hartl, C.  and Poplin, R. E.  and Clark, A. G.  and Rodriguez-Flores, J. L.  and Flicek, P.  and Clarke, L.  and Smith, R. E.  and Zheng-Bradley, X.  and MacArthur, D. G.  and Mardis, E. R.  and Fulton, R.  and Koboldt, D. C.  and Gravel, S.  and Bustamante, C. D.  and Craig, D. W.  and Christoforides, A.  and Homer, N.  and Izatt, T.  and Sherry, S. T.  and Xiao, C.  and Dermitzakis, E. T.  and Abecasis, G. R.  and Min Kang, H.  and McVean, G. A.  and Gerstein, M. B.  and Balasubramanian, S.  and Habegger, L.  and Gerstein, M. B.  and Balasubramanian, S.  and Habegger, L.  and Yu, H.  and Flicek, P.  and Clarke, L.  and Cunningham, F.  and Dunham, I.  and Zerbino, D.  and Zheng-Bradley, X.  and Lage, K.  and Jespersen, J. B.  and Horn, H.  and Montgomery, S. B.  and DeGorter, M. K.  and Khurana, E.  and Tyler-Smith, C.  and Chen, Y.  and Colonna, V.  and Xue, Y.  and Gerstein, M. B.  and Balasubramanian, S.  and Fu, Y.  and Kim, D.  and Gerstein, M. B.  and Balasubramanian, S.  and Fu, Y.  and Kim, D.  and Auton, A.  and Marcketta, A.  and Desalle, R.  and Narechania, A.  and Sayres, M. A.  and Garrison, E. P.  and Handsaker, R. E.  and Kashin, S.  and McCarroll, S. A.  and Rodriguez-Flores, J. L.  and Flicek, P.  and Clarke, L.  and Zheng-Bradley, X.  and Erlich, Y.  and Gymrek, M.  and Willems, T. F.  and Bustamante, C. D.  and Mendez, F. L.  and Poznik, G. D.  and Underhill, P. A.  and Lee, C.  and Cerveira, E.  and Malhotra, A.  and Romanovitch, M.  and Zhang, C.  and Abecasis, G. R.  and Coin, L.  and Shao, H.  and Mittelman, D.  and Tyler-Smith, C.  and Ayub, Q.  and Banerjee, R.  and Cerezo, M.  and Chen, Y.  and Fitzgerald, T. W.  and Louzada, S.  and Massaia, A.  and McCarthy, S.  and Ritchie, G. R.  and Xue, Y.  and Yang, F.  and Tyler-Smith, C.  and Ayub, Q.  and Banerjee, R.  and Cerezo, M.  and Chen, Y.  and Fitzgerald, T. W.  and Louzada, S.  and Massaia, A.  and McCarthy, S.  and Ritchie, G. R.  and Xue, Y.  and Yang, F.  and Gibbs, R. A.  and Kovar, C.  and Kalra, D.  and Hale, W.  and Muzny, D.  and Reid, J. G.  and Wang, J.  and Dan, X.  and Guo, X.  and Li, G.  and Li, Y.  and Ye, C.  and Zheng, X.  and Altshuler, D. M.  and Flicek, P.  and Clarke, L.  and Zheng-Bradley, X.  and Bentley, D. R.  and Cox, A.  and Humphray, S.  and Kahn, S.  and Sudbrak, R.  and Albrecht, M. W.  and Lienhard, M.  and Larson, D.  and Craig, D. W.  and Izatt, T.  and Kurdoglu, A. A.  and Sherry, S. T.  and Xiao, C.  and Haussler, D.  and Abecasis, G. R.  and McVean, G. A.  and Durbin, R. M.  and Balasubramaniam, S.  and Keane, T. M.  and McCarthy, S.  and Stalker, J.  and Durbin, R. M.  and Balasubramaniam, S.  and Keane, T. M.  and McCarthy, S.  and Stalker, J.  and Chakravarti, A.  and Knoppers, B. M.  and Abecasis, G. R.  and Barnes, K. C.  and Beiswanger, C.  and Burchard, E. G.  and Bustamante, C. D.  and Cai, H.  and Cao, H.  and Durbin, R. M.  and Gerry, N. P.  and Gharani, N.  and Gibbs, R. A.  and Gignoux, C. R.  and Gravel, S.  and Henn, B.  and Jones, D.  and Jorde, L.  and Kaye, J. S.  and Keinan, A.  and Kent, A.  and Kerasidou, A.  and Li, Y.  and Mathias, R.  and McVean, G. A.  and Moreno-Estrada, A.  and Ossorio, P. N.  and Parker, M.  and Resch, A. M.  and Rotimi, C. N.  and Royal, C. D.  and Sandoval, K.  and Su, Y.  and Sudbrak, R.  and Tian, Z.  and Tishkoff, S.  and Toji, L. H.  and Tyler-Smith, C.  and Via, M.  and Wang, Y.  and Yang, H.  and Yang, L.  and Zhu, J.  and Bodmer, W.  and Bedoya, G.  and Ruiz-Linares, A.  and Cai, Z.  and Gao, Y.  and Chu, J.  and Peltonen, L.  and Garcia-Montero, A.  and Orfao, A.  and Dutil, J.  and Martinez-Cruzado, J. C.  and Oleksyk, T. K.  and Barnes, K. C.  and Mathias, R. A.  and Hennis, A.  and Watson, H.  and McKenzie, C.  and Qadri, F.  and LaRocque, R.  and Sabeti, P. C.  and Zhu, J.  and Deng, X.  and Sabeti, P. C.  and Asogun, D.  and Folarin, O.  and Happi, C.  and Omoniwa, O.  and Stremlau, M.  and Tariyal, R.  and Jallow, M.  and Joof, F. S.  and Corrah, T.  and Rockett, K.  and Kwiatkowski, D.  and Kooner, J.  and Hiên, T. T.  and Dunstan, S. J.  and Hang, N. T.  and Fonnie, R.  and Garry, R.  and Kanneh, L.  and Moses, L.  and Sabeti, P. C.  and Schieffelin, J.  and Grant, D. S.  and Gallo, C.  and Poletti, G.  and Saleheen, D.  and Rasheed, A.  and Saleheen, D.  and Rasheed, A.  and Brooks, L. D.  and Felsenfeld, A. L.  and McEwen, J. E.  and Vaydylevich, Y.  and Green, E. D.  and Duncanson, A.  and Dunn, M.  and Schloss, J. A.  and Wang, J.  and Yang, H.  and Auton, A.  and Brooks, L. D.  and Durbin, R. M.  and Garrison, E. P.  and Min Kang, H.  and Korbel, J. O.  and Marchini, J. L.  and McCarthy, S.  and McVean, G. A.  and Abecasis, G. R.  and Auton, A.  and Brooks, L. D.  and Durbin, R. M.  and Garrison, E. P.  and Min Kang, H.  and Korbel, J. O.  and Marchini, J. L.  and McCarthy, S.  and McVean, G. A.  and Abecasis, G. R. ",
   Title="{{A} global reference for human genetic variation}",
   Journal="Nature",
   Year="2015",
   Volume="526",
   Number="7571",
   Pages="68--74",
   Month="Oct"
}

@Article{becht_2018,
   Author="Becht, E.  and McInnes, L.  and Healy, J.  and Dutertre, C. A.  and Kwok, I. W. H.  and Ng, L. G.  and Ginhoux, F.  and Newell, E. W. ",
   Title="{{D}imensionality reduction for visualizing single-cell data using {U}{M}{A}{P}}",
   Journal="Nat Biotechnol",
   Year="2018",
   Month="Dec"
}

@Article{kobak_2019,
   Author="Kobak, D.  and Berens, P. ",
   Title="{{T}he art of using t-{S}{N}{E} for single-cell transcriptomics}",
   Journal="Nat Commun",
   Year="2019",
   Volume="10",
   Number="1",
   Pages="5416",
   Month="11"
}

@Article{kobak_2021,
   Author="Kobak, D.  and Linderman, G. C. ",
   Title="{{I}nitialization is critical for preserving global data structure in both t-{S}{N}{E} and {U}{M}{A}{P}}",
   Journal="Nat Biotechnol",
   Year="2021",
   Volume="39",
   Number="2",
   Pages="156--157",
   Month="02"
}

@Article{Chari2023,
   Author="Chari, T.  and Pachter, L. ",
   Title="{{T}he specious art of single-cell genomics}",
   Journal="PLoS Comput Biol",
   Year="2023",
   Volume="19",
   Number="8",
   Pages="e1011288",
   Month="Aug"
}

@article{campello2015hierarchical,
  title={Hierarchical density estimates for data clustering, visualization, and outlier detection},
  author={Campello, Ricardo JGB and Moulavi, Davoud and Zimek, Arthur and Sander, J{\"o}rg},
  journal={ACM Transactions on Knowledge Discovery from Data (TKDD)},
  volume={10},
  number={1},
  pages={1--51},
  year={2015},
  publisher={ACM New York, NY, USA}
}
@Article{molder_2021,
   Author = { Mölder, F and Jablonski, KP and Letcher, B and Hall, MB and Tomkins-Tinch, CH and Sochat, V and Forster, J and Lee, S and Twardziok, SO and Kanitz, A and Wilm, A and Holtgrewe, M and Rahmann, S and Nahnsen, S and Köster, J},
   Title = {Sustainable data analysis with Snakemake [version 2; peer review: 2 approved]
},
   Journal = {F1000Research},
   Volume = {10},
   Year = {2021},
   Number = {33},
   DOI = {10.12688/f1000research.29032.2}
}

@inproceedings{meilua2003comparing,
  title={Comparing clusterings by the variation of information},
  author={Meil{\u{a}}, Marina},
  booktitle={Learning Theory and Kernel Machines: 16th Annual Conference on Learning Theory and 7th Kernel Workshop, COLT/Kernel 2003, Washington, DC, USA, August 24-27, 2003. Proceedings},
  pages={173--187},
  year={2003},
  organization={Springer}
}

@article{Jariani2019,
author = {Jariani, Abbas and Warth, Christopher and Deforche, Koen and Libin, Pieter and Drummond, Alexei J and Rambaut, Andrew and Matsen IV, Frederick A and Theys, Kristof},
title = {{SANTA-SIM: simulating viral sequence evolution dynamics under selection and recombination}},
journal = {Virus Evolution},
year = {2019},
volume = {5},
number = {1},
month = mar
}

@article {Huddleston2020,
article_type = {journal},
title = {Integrating genotypes and phenotypes improves long-term forecasts of seasonal influenza {A/H3N2} evolution},
author = {Huddleston, J. and Barnes, J. R. and Rowe, T. and Xu, X. and Kondor, R. and Wentworth, D. E. and Whittaker, L. and Ermetal, B. and Daniels, R. S. and McCauley, J. W. and Fujisaki, S. and Nakamura, K. and Kishida, N. and Watanabe, S. and Hasegawa, H. and Barr, I. and Subbarao, K. and Barrat-Charlaix, P. and Neher, R. A. and Bedford, T.},
editor = {Cooper, Vaughn S},
volume = 9,
year = 2020,
month = {Sep},
pub_date = {2020-09-02},
pages = {e60067},
citation = {eLife 2020;9:e60067},
doi = {10.7554/eLife.60067},
url = {https://doi.org/10.7554/eLife.60067},
journal = {eLife},
issn = {2050-084X},
publisher = {eLife Sciences Publications, Ltd},
}

@Article{Dudas2018,
   Author="Dudas, G.  and Carvalho, L. M.  and Rambaut, A.  and Bedford, T. ",
   Title="{{M}{E}{R}{S}-{C}o{V} spillover at the camel-human interface}",
   Journal="Elife",
   Year="2018",
   Volume="7",
   Month="Jan"
}

@article{Carabelli2023,
    abstract = {In late 2020, after circulating for almost a year in the human population, severe acute respiratory syndrome coronavirus 2 (SARS-CoV-2) exhibited a major step change in its adaptation to humans. These highly mutated forms of SARS-CoV-2 had enhanced rates of transmission relative to previous variants and were termed `variants of concern'(VOCs). Designated Alpha, Beta, Gamma, Delta and Omicron, the VOCs emerged independently from one another, and in turn each rapidly became dominant, regionally or globally, outcompeting previous variants. The success of each VOC relative to the previously dominant variant was enabled by altered intrinsic functional properties of the virus and, to various degrees, changes to virus antigenicity conferring the ability to evade a primed immune response. The increased virus fitness associated with VOCs is the result of a complex interplay of virus biology in the context of changing human immunity due to both vaccination and prior infection. In this Review, we summarize the literature on the relative transmissibility and antigenicity of SARS-CoV-2 variants, the role of mutations at the furin spike cleavage site and of non-spike proteins, the potential importance of recombination to virus success, and SARS-CoV-2 evolution in the context of T cells, innate immunity and population immunity. SARS-CoV-2 shows a complicated relationship among virus antigenicity, transmission and virulence, which has unpredictable implications for the future trajectory and disease burden of COVID-19.},
    author = {Carabelli, Alessandro M. and Peacock, Thomas P. and Thorne, Lucy G. and Harvey, William T. and Hughes, Joseph and de Silva, Thushan I. and Peacock, Sharon J. and Barclay, Wendy S. and de Silva, Thushan I. and Towers, Greg J. and Robertson, David L. and COVID-19 Genomics UK Consortium},
    date = {2023/01/18},
    date-added = {2023-01-30 11:53:55 -0800},
    date-modified = {2023-01-30 11:53:55 -0800},
    doi = {10.1038/s41579-022-00841-7},
    id = {Carabelli2023},
    isbn = {1740-1534},
    journal = {Nature Reviews Microbiology},
    title = {{SARS}-{C}o{V}-2 variant biology: immune escape, transmission and fitness},
    url = {https://doi.org/10.1038/s41579-022-00841-7},
    year = {2023},
    bdsk-url-1 = {https://doi.org/10.1038/s41579-022-00841-7}}

@book{HyndmanAthanasopoulos2021,
    author = {Hyndman, R.J. and Athanasopoulos, G.},
    year = {2021},
    title = {{F}orecasting: principles and practice},
    edition = {3rd edition},
    publisher = {OTexts},
    address = {Melbourne, Australia},
    url = {OTexts.com/fpp3},
    note = {Accessed on March 21, 2023}
}

@Article{Neher2015,
   Author="Neher, R. A.  and Bedford, T. ",
   Title="{nextflu: real-time tracking of seasonal influenza virus evolution in humans}",
   Journal="Bioinformatics",
   Year="2015",
   Volume="31",
   Number="21",
   Pages="3546--3548",
   Month="Nov"
}

@misc{Hodcroft2020,
    author = {Hodcroft, E. B. and Hadfield J. and Neher R. A. and Bedford, T.},
    title = {Year-letter genetic clade naming for {SARS-CoV-2} on nextstrain.org},
    year = {2020},
    month = {jun},
    howpublished = {\url{https://nextstrain.org/blog/2020-06-02-SARSCoV2-clade-naming}}
}

@misc{Bedford2021,
    author = {Bedford, T. and Hodcroft, E. B. and Neher R. A.},
    title = {{U}pdated {N}extstrain {SARS-CoV-2} clade naming strategy},
    year = {2021},
    month = {jan},
    howpublished = {\url{https://nextstrain.org/blog/2021-01-06-updated-SARS-CoV-2-clade-naming}}
}

@misc{Roemer2022,
    author = {Roemer, C. and Hodcroft, E. B. and Neher R. A. and Bedford, T.},
    title = {{SARS-CoV-2} clade naming strategy for 2022},
    year = {2022},
    month = {apr},
    howpublished = {\url{https://nextstrain.org/blog/2022-04-29-SARS-CoV-2-clade-naming-2022}}
}

@Article{Petrova2018,
author={Petrova, Velislava N.
and Russell, Colin A.},
title={The evolution of seasonal influenza viruses},
journal={Nature Reviews Microbiology},
year={2018},
month={Jan},
day={01},
volume={16},
number={1},
pages={47-60},
abstract={The evolution of seasonal influenza viruses is an important source of disease burden, as it allows for the reinfection of previously infected or vaccinated individualsGiven that 5--15{\%} of the global human population is infected with seasonal influenza viruses each year, it is surprising that new antigenic variants arise only every 3--5 years for A/H3N2 viruses and less frequently for A/H1N1 and B virusesThe virus surface glycoprotein haemagglutinin is the primary target of the host immune response, and evolutionary selection pressure drives it to acquire mutations to escape immune recognition without eliminating its receptor binding functionHost immunity has a dual role in governing the pace of virus evolution: innate immunity acts as a constraint on the generation of new virus variants, whereas adaptive immunity selects for immune escape mutantsThe acute nature of influenza virus infections and population-level epidemics provides limited opportunities for evolutionary selection, with most virus diversity being lost before selection can operateInfluenza virus vaccines can provide effective protection against infection when they are well matched to circulating viruses, but there remains scope for improving vaccine production and delivery to achieve better effectiveness},
issn={1740-1534},
doi={10.1038/nrmicro.2017.118},
url={https://doi.org/10.1038/nrmicro.2017.118}
}

@Article{Hay2018,
   Author="Hay, A. J.  and McCauley, J. W. ",
   Title="{{T}he {W}{H}{O} global influenza surveillance and response system ({G}{I}{S}{R}{S})-{A} future perspective}",
   Journal="Influenza Other Respir Viruses",
   Year="2018",
   Volume="12",
   Number="5",
   Pages="551--557",
   Month="Sep"
}

@article{Potter2019,
    author = {Potter, Barney I and Kondor, Rebecca and Hadfield, James and Huddleston, John and Barnes, John and Rowe, Thomas and Guo, Lizheng and Xu, Xiyan and Neher, Richard A and Bedford, Trevor and Wentworth, David E},
    title = {Evolution and rapid spread of a reassortant {A(H3N2)} virus that predominated the 2017–2018 influenza season},
    journal = {Virus Evolution},
    volume = {5},
    number = {2},
    year = {2019},
    month = {12},
    issn = {2057-1577},
    doi = {10.1093/ve/vez046},
    url = {https://doi.org/10.1093/ve/vez046},
    note = {vez046},
    eprint = {http://oup.prod.sis.lan/ve/article-pdf/5/2/vez046/31195983/vez046.pdf},
}

@article{Zhu2020,
   author = {Zhu, Na and Zhang, Dingyu and Wang, Wenling and Li, Xingwang and Yang, Bo and Song, Jingdong and Zhao, Xiang and Huang, Baoying and Shi, Weifeng and Lu, Roujian and Niu, Peihua and Zhan, Faxian and Ma, Xuejun and Wang, Dayan and Xu, Wenbo and Wu, Guizhen and Gao, George F. and Tan, Wenjie},
   title = {A novel coronavirus from patients with pneumonia in China, 2019},
   journal = {New England Journal of Medicine},
   volume = {382},
   number = {8},
   pages = {727-733},
   year = {2020},
   doi = {10.1056/NEJMoa2001017},
   note ={PMID: 31978945},
   URL = {https://doi.org/10.1056/NEJMoa2001017},
   eprint = {https://doi.org/10.1056/NEJMoa2001017}
}

@Article{Kistler2022,
   Author="Kistler, K. E.  and Huddleston, J.  and Bedford, T. ",
   Title="{{R}apid and parallel adaptive mutations in spike {S}1 drive clade success in {S}{A}{R}{S}-{C}o{V}-2}",
   Journal="Cell Host Microbe",
   Year="2022",
   Volume="30",
   Number="4",
   Pages="545--555",
   Month="Apr"
}

@Article{Focosi2022,
   Author="Focosi, D.  and Maggi, F. ",
   Title="{{R}ecombination in coronaviruses, with a focus on {S}{A}{R}{S}-{C}o{V}-2}",
   Journal="Viruses",
   Year="2022",
   Volume="14",
   Number="6",
   Month="Jun"
}

@Article{Turakhia2022,
   Author="Turakhia, Y.  and Thornlow, B.  and Hinrichs, A.  and McBroome, J.  and Ayala, N.  and Ye, C.  and Smith, K.  and De Maio, N.  and Haussler, D.  and Lanfear, R.  and Corbett-Detig, R. ",
   Title="{{P}andemic-scale phylogenomics reveals the {S}{A}{R}{S}-{C}o{V}-2 recombination landscape}",
   Journal="Nature",
   Year="2022",
   Volume="609",
   Number="7929",
   Pages="994--997",
   Month="Sep"
}

@Article{Konings2021,
   Author="Konings, F.  and Perkins, M. D.  and Kuhn, J. H.  and Pallen, M. J.  and Alm, E. J.  and Archer, B. N.  and Barakat, A.  and Bedford, T.  and Bhiman, J. N.  and Caly, L.  and Carter, L. L.  and Cullinane, A.  and de Oliveira, T.  and Druce, J.  and El Masry, I.  and Evans, R.  and Gao, G. F.  and Gorbalenya, A. E.  and Hamblion, E.  and Herring, B. L.  and Hodcroft, E.  and Holmes, E. C.  and Kakkar, M.  and Khare, S.  and Koopmans, M. P. G.  and Korber, B.  and Leite, J.  and MacCannell, D.  and Marklewitz, M.  and Maurer-Stroh, S.  and Rico, J. A. M.  and Munster, V. J.  and Neher, R.  and Munnink, B. O.  and Pavlin, B. I.  and Peiris, M.  and Poon, L.  and Pybus, O.  and Rambaut, A.  and Resende, P.  and Subissi, L.  and Thiel, V.  and Tong, S.  and van der Werf, S.  and von Gottberg, A.  and Ziebuhr, J.  and Van Kerkhove, M. D. ",
   Title="{{S}{A}{R}{S}-{C}o{V}-2 {V}ariants of {I}nterest and {C}oncern naming scheme conducive for global discourse}",
   Journal="Nat Microbiol",
   Year="2021",
   Volume="6",
   Number="7",
   Pages="821--823",
   Month="Jul"
}

@Article{Armstrong2022,
   Author="Armstrong, G.  and Rahman, G.  and Martino, C.  and McDonald, D.  and Gonzalez, A.  and Mishne, G.  and Knight, R. ",
   Title="{{A}pplications and comparison of dimensionality reduction methods for microbiome data}",
   Journal="Front Bioinform",
   Year="2022",
   Volume="2",
   Pages="821861"
}

@Article{Schloss2009,
   Author="Schloss, P. D.  and Westcott, S. L.  and Ryabin, T.  and Hall, J. R.  and Hartmann, M.  and Hollister, E. B.  and Lesniewski, R. A.  and Oakley, B. B.  and Parks, D. H.  and Robinson, C. J.  and Sahl, J. W.  and Stres, B.  and Thallinger, G. G.  and Van Horn, D. J.  and Weber, C. F. ",
   Title="{{I}ntroducing mothur: open-source, platform-independent, community-supported software for describing and comparing microbial communities}",
   Journal="Appl Environ Microbiol",
   Year="2009",
   Volume="75",
   Number="23",
   Pages="7537--7541",
   Month="Dec"
}

@Article{Schloss2020,
   Author="Schloss, P. D. ",
   Title="{{R}eintroducing mothur: 10 {Y}ears {L}ater}",
   Journal="Appl Environ Microbiol",
   Year="2020",
   Volume="86",
   Number="2",
   Month="Jan"
}

@Article{Bolyen2019,
   Author="Bolyen, E.  and Rideout, J. R.  and Dillon, M. R.  and Bokulich, N. A.  and Abnet, C. C.  and Al-Ghalith, G. A.  and Alexander, H.  and Alm, E. J.  and Arumugam, M.  and Asnicar, F.  and Bai, Y.  and Bisanz, J. E.  and Bittinger, K.  and Brejnrod, A.  and Brislawn, C. J.  and Brown, C. T.  and Callahan, B. J.  and guez, A. M.  and Chase, J.  and Cope, E. K.  and Da Silva, R.  and Diener, C.  and Dorrestein, P. C.  and Douglas, G. M.  and Durall, D. M.  and Duvallet, C.  and Edwardson, C. F.  and Ernst, M.  and Estaki, M.  and Fouquier, J.  and Gauglitz, J. M.  and Gibbons, S. M.  and Gibson, D. L.  and Gonzalez, A.  and Gorlick, K.  and Guo, J.  and Hillmann, B.  and Holmes, S.  and Holste, H.  and Huttenhower, C.  and Huttley, G. A.  and Janssen, S.  and Jarmusch, A. K.  and Jiang, L.  and Kaehler, B. D.  and Kang, K. B.  and Keefe, C. R.  and Keim, P.  and Kelley, S. T.  and Knights, D.  and Koester, I.  and Kosciolek, T.  and Kreps, J.  and Langille, M. G. I.  and Lee, J.  and Ley, R.  and Liu, Y. X.  and Loftfield, E.  and Lozupone, C.  and Maher, M.  and Marotz, C.  and Martin, B. D.  and McDonald, D.  and McIver, L. J.  and Melnik, A. V.  and Metcalf, J. L.  and Morgan, S. C.  and Morton, J. T.  and Naimey, A. T.  and Navas-Molina, J. A.  and Nothias, L. F.  and Orchanian, S. B.  and Pearson, T.  and Peoples, S. L.  and Petras, D.  and Preuss, M. L.  and Pruesse, E.  and Rasmussen, L. B.  and Rivers, A.  and Robeson, M. S.  and Rosenthal, P.  and Segata, N.  and Shaffer, M.  and Shiffer, A.  and Sinha, R.  and Song, S. J.  and Spear, J. R.  and Swafford, A. D.  and Thompson, L. R.  and Torres, P. J.  and Trinh, P.  and Tripathi, A.  and Turnbaugh, P. J.  and Ul-Hasan, S.  and van der Hooft, J. J. J.  and Vargas, F.  and zquez-Baeza, Y.  and Vogtmann, E.  and von Hippel, M.  and Walters, W.  and Wan, Y.  and Wang, M.  and Warren, J.  and Weber, K. C.  and Williamson, C. H. D.  and Willis, A. D.  and Xu, Z. Z.  and Zaneveld, J. R.  and Zhang, Y.  and Zhu, Q.  and Knight, R.  and Caporaso, J. G. ",
   Title="{{R}eproducible, interactive, scalable and extensible microbiome data science using {Q}{I}{I}{M}{E} 2}",
   Journal="Nat Biotechnol",
   Year="2019",
   Volume="37",
   Number="8",
   Pages="852--857",
   Month="Aug"
}

@Article{McMurdie2013,
   Author="McMurdie, P. J.  and Holmes, S. ",
   Title="{phyloseq: an {R} package for reproducible interactive analysis and graphics of microbiome census data}",
   Journal="PLoS One",
   Year="2013",
   Volume="8",
   Number="4",
   Pages="e61217"
}

@Article{Lees2019,
   Author="Lees, J. A.  and Harris, S. R.  and Tonkin-Hill, G.  and Gladstone, R. A.  and Lo, S. W.  and Weiser, J. N.  and Corander, J.  and Bentley, S. D.  and Croucher, N. J. ",
   Title="{{F}ast and flexible bacterial genomic epidemiology with {P}op{P}{U}{N}{K}}",
   Journal="Genome Res",
   Year="2019",
   Volume="29",
   Number="2",
   Pages="304--316",
   Month="Feb"
}

@Article{Rambaut2016,
   Author="Rambaut, A.  and Lam, T. T.  and Max Carvalho, L.  and Pybus, O. G. ",
   Title="{{E}xploring the temporal structure of heterochronous sequences using {T}emp{E}st (formerly {P}ath-{O}-{G}en)}",
   Journal="Virus Evol",
   Year="2016",
   Volume="2",
   Number="1",
   Pages="vew007",
   Month="Jan"
}

@inproceedings{Yang2006,
  title={A fast approximation to multidimensional scaling},
  author={Yang, Tynia and Liu, Jinze and McMillan, Leonard and Wang, Wei},
  booktitle={IEEE workshop on computation intensive methods for computer vision},
  year={2006}
}

@misc{Delicado2024,
      title={Multidimensional Scaling for Big Data},
      author={Pedro Delicado and Cristian Pachón-García},
      year={2024},
      eprint={2007.11919},
      archivePrefix={arXiv},
      primaryClass={stat.CO}
}

@misc{vandermaaten2013,
      title={Barnes-Hut-SNE},
      author={Laurens van der Maaten},
      year={2013},
      eprint={1301.3342},
      archivePrefix={arXiv},
      primaryClass={cs.LG}
}

@InProceedings{Yang2013,
  title = 	 {Scalable Optimization of Neighbor Embedding for Visualization},
  author = 	 {Yang, Zhirong and Peltonen, Jaakko and Kaski, Samuel},
  booktitle = 	 {Proceedings of the 30th International Conference on Machine Learning},
  pages = 	 {127--135},
  year = 	 {2013},
  editor = 	 {Dasgupta, Sanjoy and McAllester, David},
  volume = 	 {28},
  number =       {2},
  series = 	 {Proceedings of Machine Learning Research},
  address = 	 {Atlanta, Georgia, USA},
  month = 	 {17--19 Jun},
  publisher =    {PMLR},
  pdf = 	 {http://proceedings.mlr.press/v28/yang13b.pdf},
  url = 	 {https://proceedings.mlr.press/v28/yang13b.html}
}

@article{vandermaaten2014,
  author  = {Laurens van der Maaten},
  title   = {Accelerating t-SNE using Tree-Based Algorithms},
  journal = {Journal of Machine Learning Research},
  year    = {2014},
  volume  = {15},
  number  = {93},
  pages   = {3221--3245},
  url     = {http://jmlr.org/papers/v15/vandermaaten14a.html}
}
